<?xml version='1.0' encoding='utf-8'?>
<record xmlns="http://www.loc.gov/MARC21/slim" xmlns:xsi="http://www.w3.org/2001/XMLSchema-instance">
  <leader>00000ngm^a2200265^a^4500</leader>
  <controlfield tag="001">003930528</controlfield>
  <controlfield tag="005">20041201142347.0</controlfield>
  <controlfield tag="007">vf|mbahom</controlfield>
  <controlfield tag="008">951020s1995^^^^miunnn|^^^^^^^^^^^vneng^d</controlfield>
  <datafield tag="035" ind1=" " ind2=" ">
    <subfield code="a">(OCoLC)ocm35067565</subfield>
  </datafield>
  <datafield tag="040" ind1=" " ind2=" ">
    <subfield code="a">MiU-H</subfield>
    <subfield code="c">MiU-H</subfield>
  </datafield>
  <datafield tag="110" ind1="2" ind2=" ">
    <subfield code="a">March of Dimes Birth Defects Foundation.</subfield>
  </datafield>
  <datafield tag="245" ind1="1" ind2="0">
    <subfield code="a">Historical vignettes of March of Dimes polio research program.</subfield>
  </datafield>
  <datafield tag="260" ind1=" " ind2=" ">
    <subfield code="c">1995?</subfield>
  </datafield>
  <datafield tag="300" ind1=" " ind2=" ">
    <subfield code="a">1 videocassette (ca. 4 min.) :</subfield>
    <subfield code="b">sd., b&amp;w and col. ;</subfield>
    <subfield code="c">1/2 in.</subfield>
  </datafield>
  <datafield tag="520" ind1=" " ind2=" ">
    <subfield code="a">Videocassette (VHS and Beta copies available) consisting of five spots illustrating through film footage from the 1930s to the 1950s the tragedy of polio and the subsequent discovery of the Salk vaccine; include clips of Thomas Francis and Jonas Salk at the announcement of the test results of the vaccine in 1955.</subfield>
  </datafield>
  <datafield tag="500" ind1=" " ind2=" ">
    <subfield code="a">Donor: 8376</subfield>
  </datafield>
  <datafield tag="650" ind1=" " ind2="0">
    <subfield code="a">Poliomyelitis</subfield>
    <subfield code="x">Vaccination</subfield>
    <subfield code="x">History.</subfield>
  </datafield>
  <datafield tag="655" ind1=" " ind2="7">
    <subfield code="a">Videotapes.</subfield>
    <subfield code="2">aat</subfield>
  </datafield>
  <datafield tag="700" ind1="1" ind2=" ">
    <subfield code="a">Francis, Thomas,</subfield>
    <subfield code="d">1900-</subfield>
  </datafield>
  <datafield tag="700" ind1="1" ind2=" ">
    <subfield code="a">Salk, Jonas,</subfield>
    <subfield code="d">1914-1995.</subfield>
  </datafield>
  <datafield tag="852" ind1="8" ind2=" ">
    <subfield code="a">MiU-H</subfield>
    <subfield code="b">BENT</subfield>
    <subfield code="h">9561 Bf 2</subfield>
  </datafield>
  <datafield tag="998" ind1=" " ind2=" ">
    <subfield code="c">TEP</subfield>
  </datafield>
  <datafield tag="955" ind1=" " ind2=" ">
    <subfield code="b">BENT</subfield>
    <subfield code="p">B1678222</subfield>
  </datafield>
</record>
